@article{cox1968general,
  title={A general definition of residuals},
  author={Cox, David R and Snell, E Joyce},
  journal={Journal of the Royal Statistical Society. Series B (Methodological)},
  pages={248--275},
  year={1968},
  publisher={JSTOR}
}

@article{davison1989deviance,
	title={Deviance residuals and normal scores plots},
	author={Davison, AC and Gigli, A},
	journal={Biometrika},
	volume={76},
	number={2},
	pages={211--221},
	year={1989},
	publisher={Oxford University Press}
}




@article{mccullagh1984local,
	title={Local sufficiency},
	author={McCULLAGH, PETER},
	journal={Biometrika},
	volume={71},
	number={2},
	pages={233--244},
	year={1984},
	publisher={Oxford University Press}
}

@article{mccullagh1986conditional,
	title={The conditional distribution of goodness-of-fit statistics for discrete data},
	author={McCullagh, Peter},
	journal={Journal of the American Statistical Association},
	volume={81},
	number={393},
	pages={104--107},
	year={1986},
	publisher={Taylor \& Francis Group}
}

@article{mccullagh1980regression,
	title={Regression models for ordinal data},
	author={McCullagh, Peter},
	journal={Journal of the Royal Statistical Society: Series B (Methodological)},
	volume={42},
	number={2},
	pages={109--127},
	year={1980},
	publisher={Wiley Online Library}
}

@article{dunn1996randomized,
	title={Randomized quantile residuals},
	author={Dunn, Peter K and Smyth, Gordon K},
	journal={Journal of Computational and Graphical Statistics},
	volume={5},
	number={3},
	pages={236--244},
	year={1996},
	publisher={Taylor \& Francis}
}

@article{blom1954transformations,
	title={Transformations of the Binomial, Negative Binomial, Poisson and $\chi$ 2 Distributions},
	author={Blom, Gunnar},
	journal={Biometrika},
	volume={41},
	number={3/4},
	pages={302--316},
	year={1954},
	publisher={JSTOR}
}

@article{ben2004quantile,
	title={Quantile--quantile plot for deviance residuals in the generalized linear model},
	author={Ben, Marta Garc{\'\i}a and Yohai, V{\'\i}ctor J},
	journal={Journal of Computational and Graphical Statistics},
	volume={13},
	number={1},
	pages={36--47},
	year={2004},
	publisher={Taylor \& Francis}
}

@article{pregibon1981logistic,
	title={Logistic regression diagnostics},
	author={Pregibon, Daryl},
	journal={The Annals of Statistics},
	pages={705--724},
	year={1981},
	publisher={JSTOR}
}

@book{van1996weak,
	title={Weak Convergence and Empirical Processes: With Applications to Statistics},
	author={van der Vaart, AW and Wellner, Jon},
	year={1996},
	publisher={Springer Science \& Business Media}
}

@book{kosorok2008introduction,
	title={Introduction to empirical processes and semiparametric inference.},
	author={Kosorok, Michael R},
	year={2008},
	publisher={Springer}
}

@article{van2007empirical,
  title={Empirical processes indexed by estimated functions},
  author={van der Vaart, Aad W and Wellner, Jon A},
  journal={Lecture Notes-Monograph Series},
  pages={234--252},
  year={2007},
  publisher={JSTOR}
}

@article{anscombe1953contribution,
	title={Contribution to the discussion of H. Hotelling's paper},
	author={Anscombe, FJ},
	journal={JR Stat. Soc B},
	volume={15},
	pages={229--230},
	year={1953}
}

@article{randles1984tests,
	title={On tests applied to residuals},
	author={Randles, Ronald H},
	journal={Journal of the American Statistical Association},
	volume={79},
	number={386},
	pages={349--354},
	year={1984},
	publisher={Taylor \& Francis Group}
}

@article{vuong1989likelihood,
	title={Likelihood ratio tests for model selection and non-nested hypotheses},
	author={Vuong, Quang H},
	journal={Econometrica},
	volume={57},
	number={2},
	pages={307--33},
	year={1989},
	publisher={Econometric Society}
}

@book{mccullagh1989generalized,
	title={Generalized Linear Models},
	author={McCullagh, Peter and Nelder, John A},
	volume={37},
	year={1989},
	publisher={CRC press}
}


@article{landwehr1984graphical,
	title={Graphical methods for assessing logistic regression models},
	author={Landwehr, James M and Pregibon, Daryl and Shoemaker, Anne C},
	journal={Journal of the American Statistical Association},
	volume={79},
	number={385},
	pages={61--71},
	year={1984},
	publisher={Taylor \& Francis Group}
}

@article{liu2018residuals,
	title={Residuals and diagnostics for ordinal regression models: a surrogate approach},
	author={Liu, Dungang and Zhang, Heping},
	journal={Journal of the American Statistical Association},
	volume={113},
	number={522},
	pages={845--854},
	year={2018},
	publisher={Taylor \& Francis}
}

@article{frees2016multivariate,
  title={Multivariate frequency-severity regression models in insurance},
  author={Frees, Edward W and Lee, Gee and Yang, Lu},
  journal={Risks},
  volume={4},
  number={1},
  pages={4},
  year={2016},
  publisher={Multidisciplinary Digital Publishing Institute}
}

@article{degroot1987conversation,
	title={A conversation with George Box},
	author={DeGroot, Morris H},
	journal={Statistical Science},
	volume={2},
	number={3},
	pages={239--258},
	year={1987},
	publisher={JSTOR}
}



@inproceedings{anscombe1961examination,
	title={Examination of residuals},
	author={Anscombe, Francis John},
	booktitle={Proceedings of the Fourth Berkeley Symposium on Mathematical Statistics and Probability, Volume 1: Contributions to the Theory of Statistics},
	year={1961},
	organization={The Regents of the University of California}
}

@article{li2012new,
	title={A new residual for ordinal outcomes},
	author={Li, Chun and Shepherd, Bryan E},
	journal={Biometrika},
	volume={99},
	number={2},
	pages={473--480},
	year={2012},
	publisher={Oxford University Press}
}

@article{racine2004nonparametric,
	title={Nonparametric estimation of regression functions with both categorical and continuous data},
	author={Racine, Jeff and Li, Qi},
	journal={Journal of Econometrics},
	volume={119},
	number={1},
	pages={99--130},
	year={2004},
	publisher={Elsevier}
}

@book{li2007nonparametric,
	title={Nonparametric econometrics: theory and practice},
	author={Li, Qi and Racine, Jeffrey Scott},
	year={2007},
	publisher={Princeton University Press}
}

@article{liu2018covariate,
	title={Covariate-adjusted Spearman's rank correlation with probability-scale residuals},
	author={Liu, Qi and Li, Chun and Wanga, Valentine and Shepherd, Bryan E},
	journal={Biometrics},
	volume={74},
	number={2},
	pages={595--605},
	year={2018},
	publisher={Wiley Online Library}
}

@article{shepherd2016probability,
	title={Probability-scale residuals for continuous, discrete, and censored data},
	author={Shepherd, Bryan E and Li, Chun and Liu, Qi},
	journal={Canadian Journal of Statistics},
	volume={44},
	number={4},
	pages={463--479},
	year={2016},
	publisher={Wiley Online Library}
}

@article{cook1999graphs,
	title={Graphs in statistical analysis: Is the medium the message?},
	author={Cook, R Dennis and Weisberg, Sanford},
	journal={The American Statistician},
	volume={53},
	number={1},
	pages={29--37},
	year={1999},
	publisher={Taylor \& Francis}
}

@article{hall2001nonparametric,
	title={Nonparametric kernel regression subject to monotonicity constraints},
	author={Hall, Peter and Huang, Li-Shan},
	journal={Annals of Statistics},
	pages={624--647},
	year={2001},
	publisher={JSTOR}
}

@article{cook1997graphics,
	title={Graphics for assessing the adequacy of regression models},
	author={Cook, R Dennis and Weisberg, Sanford},
	journal={Journal of the American Statistical Association},
	volume={92},
	number={438},
	pages={490--499},
	year={1997},
	publisher={Taylor \& Francis Group}
}

@article{cook1996graphics,
	title={Graphics for regressions with a binary response},
	author={Cook, R Dennis},
	journal={Journal of the American Statistical Association},
	volume={91},
	number={435},
	pages={983--992},
	year={1996},
	publisher={Taylor \& Francis}
}

@book{cook1982residuals,
	title={Residuals and influence in regression},
	author={Cook, R Dennis and Weisberg, Sanford},
	year={1982},
	publisher={New York: Chapman and Hall}
}

@article{yang2020nonparametric,
	title={Nonparametric estimation of copula regression models with discrete outcomes},
	author={Yang, Lu and Frees, Edward W and Zhang, Zhengjun},
	journal={Journal of the American Statistical Association},
	volume={115},
	number={530},
	pages={707--720},
	year={2020},
	publisher={Taylor \& Francis}
}

@article{sellers2017underdispersion,
	title={Underdispersion models: Models that are “under the radar”},
	author={Sellers, Kimberly F and Morris, Darcy S},
	journal={Communications in Statistics-Theory and Methods},
	volume={46},
	number={24},
	pages={12075--12086},
	year={2017},
	publisher={Taylor \& Francis}
}

@article{cook1999dimension,
	title={Dimension reduction in binary response regression},
	author={Cook, R Dennis and Lee, Hakbae},
	journal={Journal of the American Statistical Association},
	volume={94},
	number={448},
	pages={1187--1200},
	year={1999},
	publisher={Taylor \& Francis Group}
}

@article{miller1991validation,
	title={Validation techniques for logistic regression models},
	author={Miller, Michael E and Hui, Siu L and Tierney, William M},
	journal={Statistics in medicine},
	volume={10},
	number={8},
	pages={1213--1226},
	year={1991},
	publisher={Wiley Online Library}
}


@article{yang2021assessment,
	title={Assessment of Regression Models With Discrete Outcomes Using Quasi-Empirical Residual Distribution Functions},
	author={Yang, Lu},
	journal={Journal of Computational and Graphical Statistics},
	volume={30},
	number={4},
	pages={1019--1035},
	year={2021},
	publisher={Taylor \& Francis}
}

@article{pierce1986residuals,
	title={Residuals in generalized linear models},
	author={Pierce, Donald A and Schafer, Daniel W},
	journal={Journal of the American Statistical Association},
	volume={81},
	number={396},
	pages={977--986},
	year={1986},
	publisher={Taylor \& Francis}
}